<?xml version="1.0" encoding="UTF-8"?><collection><record><leader>08098ntm a2200637 a 4500</leader><controlfield tag="001">006837623</controlfield><controlfield tag="003">MiAaHDL</controlfield><controlfield tag="005">20190719000000.0</controlfield><controlfield tag="006">m        d        </controlfield><controlfield tag="007">cr bn ---auaua</controlfield><controlfield tag="008">090710s1694    xx            00| ||per d</controlfield><datafield tag="035" ind1=" " ind2=" "><subfield code="a">(MiU)006837623</subfield></datafield><datafield tag="035" ind1=" " ind2=" "><subfield code="a">sdr-miu006837623</subfield></datafield><datafield tag="040" ind1=" " ind2=" "><subfield code="a">MiU</subfield><subfield code="c">MiU</subfield><subfield code="e">amremm</subfield></datafield><datafield tag="043" ind1=" " ind2=" "><subfield code="a">n-us-mi</subfield></datafield><datafield tag="100" ind1="0" ind2=" "><subfield code="6">880-01</subfield><subfield code="a">Niẓāmī Ganjavī,</subfield><subfield code="d">1140 or 1141-1202 or 1203.</subfield></datafield><datafield tag="240" ind1="1" ind2="0"><subfield code="6">880-02</subfield><subfield code="a">Khamsah</subfield></datafield><datafield tag="245" ind1="1" ind2="0"><subfield code="6">880-03</subfield><subfield code="a">Maqālāt-i Shaykh-i Niẓāmī,</subfield><subfield code="f">[1106, i.e. 1694].</subfield></datafield><datafield tag="246" ind1="3" ind2=" "><subfield code="a">مقالات شيخ نظامى</subfield></datafield><datafield tag="260" ind1=" " ind2=" "><subfield code="c">[1694].</subfield></datafield><datafield tag="300" ind1=" " ind2=" "><subfield code="a">293 leaves :</subfield><subfield code="b">paper ;</subfield><subfield code="c">293 x 188 (188 x 122) mm. bound to 300 x 195 mm.</subfield></datafield><datafield tag="500" ind1=" " ind2=" "><subfield code="a">Shelfmark: Ann Arbor, University of Michigan, Special Collections Library, Isl. Ms. 886</subfield></datafield><datafield tag="500" ind1=" " ind2=" "><subfield code="a">Origin: As appears in colophon on p.614, copied by ʻAbd al-Raḥmān ibn ʻAbd Allāh on the order of Mīr ʻAbd al-Salām ( مير عبد السلام ) with transcription completed 2 Muḥarram in year 38 of Awrangzīb's reign, i.e. regnal year of Awrangzīb (r.1068–1118/1658–1707), that is Hijrī year 1106 [ca. 23 August 1694].</subfield></datafield><datafield tag="500" ind1=" " ind2=" "><subfield code="a">Accompanying materials: a. Scrap with inscription in ink "Niẓāmī MS. of Khamsa 1697" (paginated pp.1-2) -- b. Recycled card with notes in hand of Emilie Savage-Smith [?] "Medallion – found at beginning or end, usually contain title – do not use term ʻunwān | Persian poetry - Indian poet, but not Indian ms. | some signatures at end bd. in upside down | 17th c." (paginated pp.3-4) -- c. Slip with note "Persian Manuscripts (Heyworth-Dunne?) No Husselman or Meredith-Owen notes" (paginated pp.5-6) -- d. Slip with note in Arabic on prayer obligation (paginated pp.437-438).</subfield></datafield><datafield tag="500" ind1=" " ind2=" "><subfield code="a">Former shelfmark: Mich. Isl. Ms. temp. no. 35</subfield></datafield><datafield tag="500" ind1=" " ind2=" "><subfield code="a">Binding: Boards covered in a mottled paper (resembling effect of marble calf / mottled calf / tree calf) in brown with light brown leather over spine and board corners (half binding) ; Western style binding (tight back) ; pastedowns and flyleaves in untinted European laid paper ; edges of text block stained blue ; now sewn over five recessed cords ; overall in fair condition with minor abrasion, lifting and losses of leather and paper, etc.</subfield></datafield><datafield tag="500" ind1=" " ind2=" "><subfield code="a">Support: non-European laid paper mainly with roughly 7 laid lines per cm. (mainly vertical, somewhat indistinct, some curving) and occasional chain lines visible, cloudy formation, sturdy, lightly burnished, dark cream to beige in color ; pastedowns and flyleaves in European laid paper with scrollwork (tree form above and shield at center) and "D &amp; C BLAUW" watermarks ; some staining ; repairs (fills).</subfield></datafield><datafield tag="500" ind1=" " ind2=" "><subfield code="a">Decoration: Elegant illuminated titlepiece on 'title page' (p.9) consisting of medallion with central cartouche and roundels carrying the title, author and contents in blue ink on fields of gold, set among fine floral vegetal decoration in gold, red-orange, pink, white, etc. on fields of black and blue, set off by decorative bands in white, gold, blue, green and lavender and radiating stalks (tīgh) ; superb illuminated headpiece (ʻunwān / sarlawḥ) at opening of each section (p.10, 64, 204, 300, 398, 555) mainly consisting of rectangular pieces, opening headpiece on p.10 consisting of rectangular piece with empty gold cartouche flanked by gold pendants overlaid with swirling floral vegetal decoration in gold, red-orange, pink, green, light blue, white, etc. set in fields of blue, surmounted by rectangular piece evoking a row of scalloped domes filled with similar floral vegetal design on fields of gold and blue, all set in a well of red, green and blue and surmounted by vertical stalks (tīgh) ; accenting text on p.486, similar floral motifs to that appearing in headpieces ; written area surrounded by frame in gold band with outermost red and blue fillets, divisions within defined by narrow gold bands outlined in black fillets ; headings chrysographed, rubricated or in blue ink.</subfield></datafield><datafield tag="500" ind1=" " ind2=" "><subfield code="a">Script: Nastaʻlīq ; elegant hand in a thin line ; serifless with effect of words descending to baseline and inclining to the right, elongation of horizontal strokes, pointing (two and three dots) mainly in distinct dots ; section headings in tawqīʻ (mainly serifless).</subfield></datafield><datafield tag="500" ind1=" " ind2=" "><subfield code="a">Layout: Written in 23 lines per page, with written area divided to four columns ; frame-ruled.</subfield></datafield><datafield tag="500" ind1=" " ind2=" "><subfield code="a">Collation: ii, 10 IV(80), III (86), 5 IV(126), III+I+I (136), V+1 (147), 5 IV(187), III (193), 6 IV(241), III (247), 5 IV(287), III (293), ii ; chiefly quaternions with occasional ternions ; middle of the quire marks in the form of short strokes in black ink in the upper outer corner of the right-hand leaf and lower-outer corner of the left-hand leaf ; tissue weight leaves inserted to protect illuminated decoration (not paginated) ; seven gatherings before the last bound in upside down (pp.497-604) ; catchwords present ; pagination in pencil, Western numerals, supplied during digitization (includes inserts and inner flyleaves).</subfield></datafield><datafield tag="500" ind1=" " ind2=" "><subfield code="a">Colophon: "Scribal," triangular, reads "بتاریخ دویم شهر محرم الحرام سنه سی و هشت جلوس میمنت مانوس محمد اورنگ زیب بادشاه عالم گیر خلد الله ملکه و سلطنته و مطابق سنه هجری مقدس یکهزار و صد و شش کاتب المذنب محتاج الغفران عبد الرحمن ابن عبد الله حسب الفرموده صاحب و الاجاه ذوی المجد و الکرام مفخر الانام میر عبد السلام مد الله تعالی ظل اقباله و عمه نواله الی یوم القیامه کتاب اقبال نامه فی حصن حصین و حصار متین ... نمود تمت بالخیر تم"</subfield></datafield><datafield tag="500" ind1=" " ind2=" "><subfield code="a">Explicit: "از اغاز او تا با نجام او تمت الکتاب بعون ملك الوهاب تم"</subfield></datafield><datafield tag="500" ind1=" " ind2=" "><subfield code="a">Incipit: "بسم الله الرحمن الرحیم هست کلید در گنج حکیم ..."</subfield></datafield><datafield tag="500" ind1=" " ind2=" "><subfield code="a">Title from illuminated titlepiece on 'title page' (p.9).</subfield></datafield><datafield tag="500" ind1=" " ind2=" "><subfield code="a">Ms. codex.</subfield></datafield><datafield tag="510" ind1="4" ind2=" "><subfield code="a">Cat. Pers. MSS. Brit. Mus.,</subfield><subfield code="c">p.564 ff.</subfield></datafield><datafield tag="520" ind1="8" ind2=" "><subfield code="a">Exquisite copy of Niẓāmī’s Khamsah (quintet) with Makhzan al-asrār, Khusraw va Shīrīn, Laylá (Laylī) va Majnūn, Haft Paykar, and Iskandarʹnāmah (Sharafʹnāmah and Iqbālʹnāmah, in titlepiece on 'title page' (p.9) distinguished as Iskandarʹnāmah and Iqbālʹnāmah).</subfield></datafield><datafield tag="538" ind1=" " ind2=" "><subfield code="a">Mode of access: Internet.</subfield></datafield><datafield tag="541" ind1=" " ind2=" "><subfield code="c">Gift ;</subfield><subfield code="a">Acquired from Frank E. Nuttall (1875-1943).</subfield></datafield><datafield tag="546" ind1=" " ind2=" "><subfield code="a">Persian.</subfield></datafield><datafield tag="561" ind1=" " ind2=" "><subfield code="a">Inscription in French describing manuscript in terms of content, author and date, in brown ink on label affixed to upper pastedown, reads "Oeuvres complètes de Nizami poète indien de la fin du XVIe Siècle manuscrit copié en 1697" ; on verso of flyleaf (p.8) inscription in pencil "Schapoor 23d May 1804 [?] | Bought of a Musulman from Boorhandpoor for 25 [..?]" with trace of a circular seal impression ; on 'title page' (p.9), inscription in ink in French "Vincent avocat/ile de France" ; occasional glosses.</subfield></datafield><datafield tag="650" ind1=" " ind2="0"><subfield code="a">Manuscripts, Persian</subfield><subfield code="z">Michigan</subfield><subfield code="z">Ann Arbor.</subfield></datafield><datafield tag="650" ind1=" " ind2="0"><subfield code="a">Masnavis, Persian</subfield><subfield code="v">Early works to 1800.</subfield></datafield><datafield tag="650" ind1=" " ind2="0"><subfield code="a">Epic poetry, Persian</subfield><subfield code="v">Early works to 1800.</subfield></datafield><datafield tag="650" ind1=" " ind2="0"><subfield code="a">Persian poetry</subfield><subfield code="y">747-1500.</subfield></datafield><datafield tag="655" ind1=" " ind2="7"><subfield code="a">Headpieces (layout features)</subfield><subfield code="y">17th century.</subfield><subfield code="2">aat</subfield></datafield><datafield tag="700" ind1="1" ind2=" "><subfield code="a">Nuttall, Frank E.,</subfield><subfield code="d">1875-1943,</subfield><subfield code="e">former owner.</subfield></datafield><datafield tag="700" ind1="0" ind2=" "><subfield code="6">880-07</subfield><subfield code="a">Mīr ʻAbd al-Salām,</subfield><subfield code="d">fl. 1694,</subfield><subfield code="e">patron,</subfield><subfield code="e">former owner.</subfield></datafield><datafield tag="700" ind1="0" ind2=" "><subfield code="6">880-05</subfield><subfield code="a">ʻAbd al-Raḥmān ibn ʻAbd Allāh,</subfield><subfield code="d">fl. 1694,</subfield><subfield code="e">scribe.</subfield></datafield><datafield tag="773" ind1="0" ind2=" "><subfield code="a">F. E. Nuttall Collection.</subfield></datafield><datafield tag="880" ind1="0" ind2=" "><subfield code="6">700-07/</subfield><subfield code="a">مير عبد السلام,</subfield><subfield code="e">راع,</subfield><subfield code="e">مالك سابق.</subfield></datafield><datafield tag="880" ind1="0" ind2=" "><subfield code="6">700-05/</subfield><subfield code="a">عبد الرحمن بن عبد الله,</subfield><subfield code="e">ناسخ.</subfield></datafield><datafield tag="880" ind1="1" ind2="0"><subfield code="6">245-03/</subfield><subfield code="a">مقالات شیخ نظامی,</subfield><subfield code="f">[1106ه, 1694م].</subfield></datafield><datafield tag="880" ind1="1" ind2="0"><subfield code="6">240-02/</subfield><subfield code="a">خمسه</subfield></datafield><datafield tag="880" ind1="0" ind2=" "><subfield code="6">100-01/</subfield><subfield code="a">نظامى گنجوى.</subfield></datafield><datafield tag="CID" ind1=" " ind2=" "><subfield code="a">006837623</subfield></datafield><datafield tag="DAT" ind1="0" ind2=" "><subfield code="a">20190719102642.0</subfield><subfield code="b">20190719000000.0</subfield></datafield><datafield tag="DAT" ind1="1" ind2=" "><subfield code="a">20190719090653.0</subfield><subfield code="b">2019-07-19T16:12:32Z</subfield></datafield><datafield tag="DAT" ind1="2" ind2=" "><subfield code="a">2015-10-02T18:00:03Z</subfield></datafield><datafield tag="CAT" ind1=" " ind2=" "><subfield code="a">SDR-MIU</subfield><subfield code="d">EX LIBRIS - ALEPH</subfield><subfield code="l">prepare.pl-004-008</subfield></datafield><datafield tag="FMT" ind1=" " ind2=" "><subfield code="a">BK</subfield></datafield><datafield tag="HOL" ind1=" " ind2=" "><subfield code="0">sdr-miu006837623</subfield><subfield code="a">MiU</subfield><subfield code="b">SDR</subfield><subfield code="c">MIU</subfield><subfield code="p">mdp.39015079132638</subfield><subfield code="s">MIU</subfield><subfield code="1">006837623</subfield></datafield><datafield tag="974" ind1=" " ind2=" "><subfield code="b">MIU</subfield><subfield code="c">MIU</subfield><subfield code="d">20190719</subfield><subfield code="s">lit-dlps-dc</subfield><subfield code="u">mdp.39015079132638</subfield><subfield code="y">1694</subfield><subfield code="r">pd</subfield><subfield code="q">bib</subfield><subfield code="t">non-US bib date1 &lt; 1896</subfield></datafield></record></collection>